@inproceedings{Jahn_2018,
	author = {Jahn, Carlos and Scheidweiler, Tina},
	title = {Port Call Optimization by Estimating Ships' Time of Arrival},
	booktitle = {Dynamics in Logistics},
	doi = {10.1007/978-3-319-74225-0},
	pages = {172-177},
	year = {2018},
	editor = {Freitag, Michael and Kotzab, Herbert and Pannek, Jürgen},
	publisher = {Springer International Publishing}
}

@article{Alessandrini_2019,  
	author={Alessandrini, Alfredo and Mazzarella, Fabio and Vespe, Michele},
	journal={IEEE Transactions on Intelligent Transportation Systems},
	title={Estimated Time of Arrival Using Historical Vessel Tracking Data},
	year={2019},
	volume={20},
	number={1},
	pages={7-15},
	doi={10.1109/TITS.2017.2789279}
}
@inproceedings{El_2020,
	author = {{El Mekkaoui}, Sara and Benabbou, Loubna and Berrado, Abdelaziz},
	title = {Predicting Ships Estimated Time of Arrival Based on AIS Data},
	year = {2020},
	isbn = {9781450377331},
	publisher = {Association for Computing Machinery},
	doi = {10.1145/3419604.3419768},
	booktitle = {Proceedings of the 13th International Conference on Intelligent Systems: Theories and Applications},
	articleno = {6},
	numpages = {6},
}
@misc{IMO_2015,
	author = {{International Maritime Organization}},
	title = {Revised Guidelines for the Onboard Operational Use of Shipborne Automatic Identification System},
	url = {https://www.imo.org/en/OurWork/Safety/Pages/AIS.aspx},
	urldate = {2021-12-14},
	year = {2015}
}
@online{real-eta,
	title={{Real-ETA}},
	author={{Trenz AG}},
	url={https://www.real-eta.com/},
	urldate = {2021-12-14},
	year={2021}
}
@article{Veenstra_2021, 
	title={On the quality of ship arrival predictions}, 
	volume={23}, 
	doi={10.1057/s41278-021-00187-6}, 
	number={4}, 
	journal={Maritime Economics \& Logistics}, 
	author={Veenstra, Albert and Harmelink, Rogier}, 
	year={2021}, 
	pages={655–673}
}
@article{EU_2009,
	title = {Directive 2009/16/{EC} of the {European} {Parliament} and of the {Council} of 23 {April} 2009 on port {State} control},
	url = {http://data.europa.eu/eli/dir/2009/16/oj},
	year = {2009}
}
@article{EU_2011,
	title = {Commission {Directive} 2011/15/{EU} of 23 {February} 2011 amending {Directive} 2002/59/{EC} of the {European} {Parliament} and of the {Council} establishing a {Community} vessel traffic monitoring and information system},
	url = {https://eur-lex.europa.eu/eli/dir/2011/15/oj},
	year = {2011}
}
@article{Kwun_2021, 
	title={Prediction of Vessel Arrival Time Using Auto Identification System Data}, 
	volume={17}, 
	DOI={10.24507/ijicic.17.02.725}, 
	journal={International {Journal} of {Innovative} {Computing}, {Information} and {Control}}, 
	author={Kwun, Hyeonho and Bae, Hyerim}, 
	year={2021}, 
	pages={725–734}
}
@INPROCEEDINGS{Wang_2020,  
	author={Wang, Yongming},  
	booktitle={2020 IEEE International Conference on Artificial Intelligence and Computer Applications (ICAICA)},   
	title={Application of neural network in abnormal {AIS} data identification},
	year={2020},  
	pages={173-179},  
	doi={10.1109/ICAICA50127.2020.9182703}
}
@article{Fancello_2011,
	author = {Fancello, Gianfranco and Claudia, Pani and Pisano, Marco and Serra, Patrizia and Zuddas, Paola and Fadda, Paolo},
	year = {2011},
	pages = {142-173},
	title = {Prediction of arrival times and human resources allocation for container terminal},
	volume = {13},
	journal = {Maritime Economics \& Logistics},
	doi = {10.1057/mel.2011.3}
}
@misc{PoN_2021, 
	title={Total transports in the {Port} of {Naantali} over 8 million tonnes in 2020}, 	url={https://portofnaantali.fi/en/press-release/total-transports-in-the-port-of-naantali-over-8-million-tonnes-in-2020/},
	urldate={2022-03-23},
	journal={Port of Naantali}, 
	year={2021}
} 
@misc{HELCOM_2014,
	title={Convention on the {Protection} of the {Marine} {Environment} of the {Baltic} {Sea}},
	year={2014},
	url={https://helcom.fi/about\-us/convention/},
	urldate={2022-03-29},
	author={HELCOM}
}
@article{Mokhtari_2008,
	author = {Harati Mokhtari, Abbas and Wall, Alan and Brooks, Philip and Wang, Jin},
	year = {2008},
	pages = {},
	title = {Automatic {Identification} {System} {(AIS)}: {A} {Human} {Factors} {Approach}}
}
@misc{SVRY_2022, 
 title={Merenkulun Avainluvut},
 url={https://shipowners.fi/kilpailukyky/merenkulun-avainluvut/}, 
 author={{Suomen Varustamot Ry}}, 
 year={2022},
 urldate={2022-04-01}
} 
@misc{TRAFICOM_2021,
	title={{Vesikuljetusten Kuljetusmäärät}},
	url={https://tieto.traficom.fi/fi/tilastot/vesikuljetusten-kuljetusmaarat},
	author={Traficom}, 
	year={2021}, 
	urldate={2022-04-01}
}
@misc{GIS_2011,
	title={Decimal degrees},
	url={http://wiki.gis.com/wiki/index.php/Decimal_degrees},
	journal={Decimal degrees - GIS Wiki | The GIS Encyclopedia},
	author={{Wiki.GIS.com}},
	year={2011},
	urldate={2022-04-04}
} 
@article{Felski_2013,
	author = {Felski, Andrzej and Jaskolski, Krzysztof},
	year = {2013},
	pages = {95-100},
	title = {The Integrity of Information Received by Means of AIS During Anti-collision Manoeuvring},
	volume = {Vol. 7, No. 1,},
	journal = {International Journal on Marine Navigation and Safety of Sea Transportation},
	doi = {10.12716/1001.07.01.12}
}
@article{hochreiter_schmidhuber_1997, 
	title={Long short-term memory}, 
	volume={9}, 
	DOI={10.1162/neco.1997.9.8.1735}, 
	number={8}, 
	journal={Neural Computation}, 
	author={Hochreiter, Sepp and Schmidhuber, Jürgen}, 
	year={1997}, 
	pages={1735–1780}
} 
@book{Gurney_1997,
	author = {Gurney, Kevin},
	title = {An  Introduction to Neural Networks},
	year = {1997},
	isbn = {1857286731},
	publisher = {Taylor \& Francis, Inc.},
	address = {USA}
}
@article{Mou_2010,
	title = {Study on collision avoidance in busy waterways by using AIS data},
	journal = {Ocean Engineering},
	volume = {37},
	number = {5},
	pages = {483-490},
	year = {2010},
	issn = {0029-8018},
	doi = {https://doi.org/10.1016/j.oceaneng.2010.01.012},
	url = {https://www.sciencedirect.com/science/article/pii/S002980181000020X},
	author = {Jun Min Mou and Cees van der Tak and Han Ligteringen}
}
@article{Goerlandt_2017,
	title = {An analysis of wintertime navigational accidents in the Northern Baltic Sea},
	journal = {Safety Science},
	volume = {92},
	pages = {66-84},
	year = {2017},
	issn = {0925-7535},
	doi = {https://doi.org/10.1016/j.ssci.2016.09.011},
	url = {https://www.sciencedirect.com/science/article/pii/S0925753516302193},
	author = {Floris Goerlandt and Habtamnesh Goite and Osiris A. {Valdez Banda} and Anders Höglund and Paula Ahonen-Rainio and Mikko Lensu}
}
@article{Montewka_2015,
	title = {Towards probabilistic models for the prediction of a ship performance in dynamic ice},
	journal = {Cold Regions Science and Technology},
	volume = {112},
	pages = {14-28},
	year = {2015},
	issn = {0165-232X},
	doi = {https://doi.org/10.1016/j.coldregions.2014.12.009},
	url = {https://www.sciencedirect.com/science/article/pii/S0165232X14002262},
	author = {Jakub Montewka and Floris Goerlandt and Pentti Kujala and Mikko Lensu}
}
@article{Wu_2017,
	title={Development and application of Artificial Neural Network},
	volume={102},
	DOI={10.1007/s11277-017-5224-x},
	number={2},
	journal={Wireless Personal Communications},
	author={Wu, {Yu-chen} and Feng, {Jun-wen}},
	year={2017},
	pages={1645–1656}
} 
@incollection{Dipietro_2020,
	title = {Chapter 21 - Deep learning: RNNs and LSTM},
	editor = {S. Kevin Zhou and Daniel Rueckert and Gabor Fichtinger},
	booktitle = {Handbook of Medical Image Computing and Computer Assisted Intervention},
	publisher = {Academic Press},
	pages = {503-519},
	year = {2020},
	series = {The Elsevier and MICCAI Society Book Series},
	isbn = {978-0-12-816176-0},
	doi = {https://doi.org/10.1016/B978-0-12-816176-0.00026-0},
	url = {https://www.sciencedirect.com/science/article/pii/B9780128161760000260},
	author = {Robert DiPietro and Gregory D. Hager}
}
@incollection{Gupta_2019,
	title = {Chapter 7 - Optimization of ANN Architecture: A Review on Nature-Inspired Techniques},
	editor = {Nilanjan Dey and Surekha Borra and Amira S. Ashour and Fuqian Shi},
	booktitle = {Machine Learning in Bio-Signal Analysis and Diagnostic Imaging},
	publisher = {Academic Press},
	pages = {159-182},
	year = {2019},
	isbn = {978-0-12-816086-2},
	doi = {https://doi.org/10.1016/B978-0-12-816086-2.00007-2},
	url = {https://www.sciencedirect.com/science/article/pii/B9780128160862000072},
	author = {Tarun Kumar Gupta and Khalid Raza}
}
@incollection{Kumara_2021,
	title = {6 - Neural networks for data classification},
	editor = {D. Binu and B.R. Rajakumar},
	booktitle = {Artificial Intelligence in Data Mining},
	publisher = {Academic Press},
	pages = {109-131},
	year = {2021},
	isbn = {978-0-12-820601-0},
	doi = {https://doi.org/10.1016/B978-0-12-820601-0.00011-2},
	url = {https://www.sciencedirect.com/science/article/pii/B9780128206010000112},
	author = {Balachandra Kumaraswamy}
}
@inbook{di_2018, 
	title={Deep Learning Essentials: Your hands-on guide to the fundamentals of Deep Learning and neural network modeling}, 
	publisher={Packt}, 
	author={Di, Wei and Bhardwaj, Anurag and Wei, Jianing}, 
	year={2018}, 
	pages={81–90}
}
@misc{colah_2015, 
	title={Understanding {LSTM} networks},
	author = {Christopher Olah},
	url={http://colah.github.io/posts/2015-08-Understanding-LSTMs/}, 
	journal={Understanding LSTM Networks -- colah's blog}, 
	year={2015},
	urldate = {2022-04-26}
}
@misc{TF_2015,
	title={ {TensorFlow}: Large-Scale Machine Learning on Heterogeneous Systems},
	url={https://www.tensorflow.org/},
	note={Software available from tensorflow.org},
	author={
    Mart\'{i}n~Abadi and
    Ashish~Agarwal and
    Paul~Barham and
    Eugene~Brevdo and
    Zhifeng~Chen and
    Craig~Citro and
    Greg~S.~Corrado and
    Andy~Davis and
    Jeffrey~Dean and
    Matthieu~Devin and
    Sanjay~Ghemawat and
    Ian~Goodfellow and
    Andrew~Harp and
    Geoffrey~Irving and
    Michael~Isard and
    Yangqing Jia and
    Rafal~Jozefowicz and
    Lukasz~Kaiser and
    Manjunath~Kudlur and
    Josh~Levenberg and
    Dandelion~Man\'{e} and
    Rajat~Monga and
    Sherry~Moore and
    Derek~Murray and
    Chris~Olah and
    Mike~Schuster and
    Jonathon~Shlens and
    Benoit~Steiner and
    Ilya~Sutskever and
    Kunal~Talwar and
    Paul~Tucker and
    Vincent~Vanhoucke and
    Vijay~Vasudevan and
    Fernanda~Vi\'{e}gas and
    Oriol~Vinyals and
    Pete~Warden and
    Martin~Wattenberg and
    Martin~Wicke and
    Yuan~Yu and
    Xiaoqiang~Zheng},
  year={2015}
}
@misc{Geopandas_2020,
author       = {Kelsey Jordahl and
                  Joris Van den Bossche and
                  Martin Fleischmann and
                  James McBride and
                  Jacob Wasserman and
                  Adrian Garcia Badaracco and
                  Jeffrey Gerard and
                  Alan D. Snow and
                  Jeff Tratner and
                  Matthew Perry and
                  Carson Farmer and
                  Geir Arne Hjelle and
                  Micah Cochran and
                  Sean Gillies and
                  Lucas Culbertson and
                  Matt Bartos and
                  Brendan Ward and
                  Giacomo Caria and
                  Mike Taves and
                  Nick Eubank and
                  sangarshanan and
                  John Flavin and
                  Matt Richards and
                  Sergio Rey and
                  maxalbert and
                  Aleksey Bilogur and
                  Christopher Ren and
                  Dani Arribas-Bel and
                  Daniel Mesejo-León and
                  Leah Wasser},
  title        = {geopandas/geopandas: v0.10.2},
  month        = oct,
  year         = 2021,
  publisher    = {Zenodo},
  version      = {v0.10.2},
  doi          = {10.5281/zenodo.5573592},
  url          = {https://doi.org/10.5281/zenodo.5573592}
}

@Article{         numpy_2020,
 title         = {Array programming with {NumPy}},
 author        = {Charles R. Harris and K. Jarrod Millman and St{\'{e}}fan J.
                 van der Walt and Ralf Gommers and Pauli Virtanen and David
                 Cournapeau and Eric Wieser and Julian Taylor and Sebastian
                 Berg and Nathaniel J. Smith and Robert Kern and Matti Picus
                 and Stephan Hoyer and Marten H. van Kerkwijk and Matthew
                 Brett and Allan Haldane and Jaime Fern{\'{a}}ndez del
                 R{\'{i}}o and Mark Wiebe and Pearu Peterson and Pierre
                 G{\'{e}}rard-Marchant and Kevin Sheppard and Tyler Reddy and
                 Warren Weckesser and Hameer Abbasi and Christoph Gohlke and
                 Travis E. Oliphant},
 year          = {2020},
 month         = sep,
 journal       = {Nature},
 volume        = {585},
 number        = {7825},
 pages         = {357--362},
 doi           = {10.1038/s41586-020-2649-2},
 publisher     = {Springer Science and Business Media {LLC}},
 url           = {https://doi.org/10.1038/s41586-020-2649-2}
}

@misc{Pandas_2022,
  author       = {Jeff Reback and
                  jbrockmendel and
                  Wes McKinney and
                  Joris Van den Bossche and
                  Tom Augspurger and
                  Phillip Cloud and
                  Simon Hawkins and
                  Matthew Roeschke and
                  gfyoung and
                  Sinhrks and
                  Adam Klein and
                  Patrick Hoefler and
                  Terji Petersen and
                  Jeff Tratner and
                  Chang She and
                  William Ayd and
                  Shahar Naveh and
                  JHM Darbyshire and
                  Marc Garcia and
                  Richard Shadrach and
                  Jeremy Schendel and
                  Andy Hayden and
                  Daniel Saxton and
                  Marco Edward Gorelli and
                  Fangchen Li and
                  Matthew Zeitlin and
                  Vytautas Jancauskas and
                  Ali McMaster and
                  Pietro Battiston and
                  Skipper Seabold},
  title        = {pandas-dev/pandas: Pandas 1.4.1},
  month        = feb,
  year         = 2022,
  publisher    = {Zenodo},
  version      = {v1.4.1},
  doi          = {10.5281/zenodo.6053272},
  url          = {https://doi.org/10.5281/zenodo.6053272}
}

@misc{Choi_2019,
  doi = {10.48550/ARXIV.1910.05446},
  url = {https://arxiv.org/abs/1910.05446},
  author = {Choi, Dami and Shallue, Christopher J. and Nado, Zachary and Lee, Jaehoon and Maddison, Chris J. and Dahl, George E.},
  title = {On Empirical Comparisons of Optimizers for Deep Learning}, 
  publisher = {arXiv},
  year = {2019},
  copyright = {arXiv.org perpetual, non-exclusive license}
}
